<record><leader>00000cas a2200000 a 4500</leader><controlfield tag="001">9259642</controlfield><controlfield tag="008">830225d17451813mduwr ne      0    0eng  </controlfield><datafield ind1=" " ind2=" " tag="010"><subfield code="a">sn 83009664 </subfield></datafield><datafield ind1=" " ind2=" " tag="040"><subfield code="a">DLC</subfield><subfield code="b">eng</subfield><subfield code="c">DLC</subfield><subfield code="d">OCL</subfield><subfield code="d">NPX</subfield><subfield code="d">NJW</subfield><subfield code="d">DLC</subfield><subfield code="d">NJW</subfield><subfield code="d">NST</subfield><subfield code="d">MFN</subfield><subfield code="d">YOX</subfield><subfield code="d">RHN</subfield><subfield code="d">CNK</subfield><subfield code="d">MGN</subfield><subfield code="d">NVK</subfield><subfield code="d">NVJ</subfield><subfield code="d">NVF</subfield><subfield code="d">DLC</subfield><subfield code="d">OBN</subfield><subfield code="d">DCN</subfield><subfield code="d">NVK</subfield><subfield code="d">DCN</subfield><subfield code="d">OCL</subfield><subfield code="d">NYS</subfield><subfield code="d">CUS</subfield><subfield code="d">KRTAS</subfield><subfield code="d">CUI</subfield><subfield code="d">OCLCQ</subfield><subfield code="d">OCLCF</subfield></datafield><datafield ind1=" " ind2=" " tag="019"><subfield code="a">9259707</subfield></datafield><datafield ind1="1" ind2=" " tag="029"><subfield code="a">AU@</subfield><subfield code="b">000002647335</subfield></datafield><datafield ind1=" " ind2=" " tag="042"><subfield code="a">pcc</subfield></datafield><datafield ind1=" " ind2=" " tag="043"><subfield code="a">n-us-md</subfield></datafield><datafield ind1="0" ind2="0" tag="050"><subfield code="a">Newspaper</subfield></datafield><datafield ind1="1" ind2="4" tag="050"><subfield code="a">AP2.A2</subfield><subfield code="b">M37</subfield></datafield><datafield ind1=" " ind2="4" tag="050"><subfield code="a">AN</subfield></datafield><datafield ind1="0" ind2=" " tag="130"><subfield code="a">Maryland gazette (Annapolis, Md. : 1745)</subfield></datafield><datafield ind1="1" ind2="0" tag="245"><subfield code="a">Maryland gazette.</subfield></datafield><datafield ind1=" " ind2=" " tag="260"><subfield code="a">Annapolis, Md. :</subfield><subfield code="b">J. Green,</subfield><subfield code="c">1745-1813.</subfield></datafield><datafield ind1=" " ind2=" " tag="300"><subfield code="a">v.</subfield></datafield><datafield ind1=" " ind2=" " tag="310"><subfield code="a">Weekly</subfield></datafield><datafield ind1="0" ind2=" " tag="362"><subfield code="a">No. 1 (Jan. 17, 1745)-no. 910 (Oct. 14, 1762) ; 18th year, no. 911 (Oct. 21, 1762)-69th year, no. 3445 (Jan. 21, 1813).</subfield></datafield><datafield ind1="4" ind2=" " tag="510"><subfield code="a">Brigham, C.S. Amer. newspapers</subfield><subfield code="c">p. 219</subfield></datafield><datafield ind1=" " ind2=" " tag="515"><subfield code="a">Issue for Apr. 26, 1745 also called no. 1.</subfield></datafield><datafield ind1=" " ind2=" " tag="515"><subfield code="a">Suspended Oct. 31, 1765, due to Stamp Act; resumed Jan. 30, 1766. Last numbered issue published prior to suspension, no. 1066 (Oct. 10, 1765), was followed by three unnumbered supplements (Oct. 17, 24, 31), and a special issue (Dec. 10) entitled: Apparition of the late Maryland gazette, which is not dead, but only sleepeth.</subfield></datafield><datafield ind1=" " ind2=" " tag="515"><subfield code="a">No issues published Feb. 6-13, 27, 1766.</subfield></datafield><datafield ind1=" " ind2=" " tag="515"><subfield code="a">Suspended Dec. 25, 1777; resumed Apr. 30, 1779.</subfield></datafield><datafield ind1=" " ind2=" " tag="530"><subfield code="a">Microfilm available from Recordak Corp.; Microfilming Corp. of America: Birth of America Series; and Yale University Library (for Maryland State Archives).</subfield></datafield><datafield ind1=" " ind2="0" tag="651"><subfield code="a">Annapolis (Md.)</subfield><subfield code="v">Newspapers.</subfield></datafield><datafield ind1=" " ind2="0" tag="651"><subfield code="a">Anne Arundel County (Md.)</subfield><subfield code="v">Newspapers.</subfield></datafield><datafield ind1=" " ind2="7" tag="655"><subfield code="a">Newspapers.</subfield><subfield code="2">fast</subfield><subfield code="0">(OCoLC)fst01423814</subfield></datafield><datafield ind1=" " ind2="7" tag="651"><subfield code="a">Maryland</subfield><subfield code="z">Annapolis.</subfield><subfield code="2">fast</subfield><subfield code="0">(OCoLC)fst01206088</subfield></datafield><datafield ind1=" " ind2="7" tag="651"><subfield code="a">Maryland</subfield><subfield code="z">Anne Arundel County.</subfield><subfield code="2">fast</subfield><subfield code="0">(OCoLC)fst01208102</subfield></datafield><datafield ind1=" " ind2=" " tag="752"><subfield code="a">United States</subfield><subfield code="b">Maryland</subfield><subfield code="c">Anne Arundel</subfield><subfield code="d">Annapolis.</subfield></datafield><datafield ind1="0" ind2="8" tag="776"><subfield code="i">Online version:</subfield><subfield code="t">Maryland gazette (Annapolis, Md. : 1745 : Online)</subfield><subfield code="w">(OCoLC)500816852</subfield></datafield><datafield ind1="0" ind2="8" tag="776"><subfield code="i">Online version:</subfield><subfield code="t">Maryland gazette (Annapolis, Md. : 1745 : Online)</subfield><subfield code="w">(OCoLC)192107389</subfield></datafield><datafield ind1="0" ind2="0" tag="785"><subfield code="t">Maryland gazette and political intelligencer</subfield><subfield code="w">(DLC)sn 83009672</subfield><subfield code="w">(OCoLC)9262484</subfield></datafield><datafield ind1=" " ind2=" " tag="938"><subfield code="a">Kirtas Technologies, Inc.</subfield><subfield code="b">KRTS</subfield><subfield code="n">736201</subfield></datafield></record>